[gd_scene load_steps=13 format=2]

[ext_resource path="res://Scripts/LinkButton.gd" type="Script" id=1]
[ext_resource path="res://Assets/Fonts/title.tres" type="DynamicFont" id=2]
[ext_resource path="res://Assets/Fonts/menu_option.tres" type="DynamicFont" id=3]
[ext_resource path="res://Scenes/tilemaps/Enviroment.tscn" type="PackedScene" id=4]
[ext_resource path="res://Scenes/Human.tscn" type="PackedScene" id=5]
[ext_resource path="res://Scenes/props/Door.tscn" type="PackedScene" id=6]
[ext_resource path="res://Scenes/props/Box.tscn" type="PackedScene" id=7]
[ext_resource path="res://Assets/Tileset/grass.tres" type="TileSet" id=8]
[ext_resource path="res://Assets/Sprites/Background/Small Cloud 2.png" type="Texture" id=9]
[ext_resource path="res://Assets/Sprites/Background/Small Cloud 1.png" type="Texture" id=10]
[ext_resource path="res://Scenes/tilemaps/Decorations.tscn" type="PackedScene" id=11]
[ext_resource path="res://sounds/2. Happy-Uplifting/Sunny Sands.wav" type="AudioStream" id=12]

[node name="Control" type="Control"]
margin_left = 31.2023
margin_top = 28.2024
margin_right = 465.202
margin_bottom = 241.202
__meta__ = {
"_edit_use_anchors_": false
}

[node name="MarginContainer" type="MarginContainer" parent="."]
anchor_right = 1.0
anchor_bottom = 1.0
margin_left = 22.9405
margin_top = -13.2634
margin_right = 580.941
margin_bottom = 350.737
rect_scale = Vector2( 0.344469, 0.375914 )
custom_constants/margin_right = 120
custom_constants/margin_top = 80
custom_constants/margin_left = 120
custom_constants/margin_bottom = 80
__meta__ = {
"_edit_use_anchors_": false
}

[node name="HBoxContainer" type="HBoxContainer" parent="MarginContainer"]
margin_left = 120.0
margin_top = 80.0
margin_right = 872.0
margin_bottom = 497.0

[node name="VBoxContainer" type="VBoxContainer" parent="MarginContainer/HBoxContainer"]
margin_right = 415.0
margin_bottom = 417.0

[node name="Label" type="Label" parent="MarginContainer/HBoxContainer/VBoxContainer"]
margin_right = 415.0
margin_bottom = 273.0
custom_fonts/font = ExtResource( 2 )
text = "the Magic
Tower"
align = 1

[node name="VBoxContainer2" type="VBoxContainer" parent="MarginContainer/HBoxContainer/VBoxContainer"]
margin_top = 277.0
margin_right = 415.0
margin_bottom = 417.0
size_flags_horizontal = 3
size_flags_vertical = 0
alignment = 1

[node name="LinkButton" type="LinkButton" parent="MarginContainer/HBoxContainer/VBoxContainer/VBoxContainer2"]
margin_right = 415.0
margin_bottom = 68.0
custom_fonts/font = ExtResource( 3 )
text = "Play Again?"
underline = 2
script = ExtResource( 1 )
scene_to_load = "lvl1"

[node name="LinkButton2" type="LinkButton" parent="MarginContainer/HBoxContainer/VBoxContainer/VBoxContainer2"]
margin_top = 72.0
margin_right = 415.0
margin_bottom = 140.0
custom_fonts/font = ExtResource( 3 )
text = "exit"
underline = 2
script = ExtResource( 1 )

[node name="Enviroment" parent="." instance=ExtResource( 4 )]
tile_data = PoolIntArray( 131079, 8, 1, 131080, 8, 0, 131082, 8, 1, 131083, 8, 0, 196615, 0, 131072, 196616, 9, 1, 196618, 9, 0, 196619, 0, 131074, 262152, 9, 65536, 262153, 0, 1, 262154, 9, 65537, 327688, 0, 65536, 327689, 0, 65537, 327690, 0, 65538, 393224, 0, 65536, 393225, 0, 65537, 393226, 0, 65538 )

[node name="Player" parent="." instance=ExtResource( 5 )]
position = Vector2( 311.861, 225.174 )

[node name="Camera2D" type="Camera2D" parent="."]
position = Vector2( 226.786, 117.173 )
current = true

[node name="ParallaxBackground" type="ParallaxBackground" parent="."]

[node name="ParallaxLayer" type="ParallaxLayer" parent="ParallaxBackground"]

[node name="Sprite" type="Sprite" parent="ParallaxBackground/ParallaxLayer"]
position = Vector2( 4.83835, 188.749 )
scale = Vector2( 2.09792, 2.66981 )
z_index = 1
texture = ExtResource( 10 )
centered = false

[node name="Sprite3" type="Sprite" parent="ParallaxBackground/ParallaxLayer"]
position = Vector2( 231.043, 45.883 )
scale = Vector2( 2.09792, 2.66981 )
z_index = 1
texture = ExtResource( 9 )
centered = false

[node name="Sprite2" type="Sprite" parent="ParallaxBackground/ParallaxLayer"]
position = Vector2( 432.089, 219.92 )
scale = Vector2( 1.07473, 1.3677 )
z_index = 1
texture = ExtResource( 10 )
centered = false
flip_h = true

[node name="ColorRect" type="ColorRect" parent="ParallaxBackground"]
margin_left = 0.562836
margin_top = 0.829712
margin_right = 512.563
margin_bottom = 252.83
color = Color( 0.611765, 0.792157, 0.870588, 1 )
__meta__ = {
"_edit_use_anchors_": false
}

[node name="Grass" type="TileMap" parent="."]
tile_set = ExtResource( 8 )
cell_size = Vector2( 32, 32 )
format = 1
tile_data = PoolIntArray( 262141, 12, 65538, 327677, 12, 65538, 262160, 12, 65536, 393213, 12, 65538, 327696, 12, 65536, 458749, 12, 65538, 393232, 12, 65536, 524285, 13, 0, 524286, 12, 1, 524287, 12, 1, 458752, 12, 1, 458753, 12, 1, 458754, 12, 1, 458755, 12, 1, 458756, 12, 1, 458757, 12, 1, 458758, 12, 1, 458759, 12, 1, 458760, 12, 1, 458761, 12, 1, 458762, 12, 1, 458763, 12, 1, 458764, 12, 1, 458765, 12, 1, 458766, 12, 1, 458767, 12, 1, 458768, 13, 0, 589821, 13, 0, 589822, 13, 0, 589823, 13, 0, 524288, 13, 0, 524289, 13, 0, 524290, 13, 0, 524291, 13, 0, 524292, 13, 0, 524293, 13, 0, 524294, 13, 0, 524295, 13, 0, 524296, 13, 0, 524297, 13, 0, 524298, 13, 0, 524299, 13, 0, 524300, 13, 0, 524301, 13, 0, 524302, 13, 0, 524303, 13, 0, 524304, 13, 0 )

[node name="Props" type="Node2D" parent="."]

[node name="Box" parent="Props" instance=ExtResource( 7 )]
position = Vector2( 22.1225, 217.357 )

[node name="Box2" parent="Props" instance=ExtResource( 7 )]
position = Vector2( 23.7682, 202.461 )

[node name="Door" parent="Props" instance=ExtResource( 6 )]
position = Vector2( 304.755, 197.057 )
target_scene = "res://Scenes/levels/lvl1.tscn"
closing_animation = true

[node name="Decoration" parent="." instance=ExtResource( 11 )]

[node name="AudioStreamPlayer" type="AudioStreamPlayer" parent="."]
stream = ExtResource( 12 )
autoplay = true
[connection signal="pressed" from="MarginContainer/HBoxContainer/VBoxContainer/VBoxContainer2/LinkButton" to="MarginContainer/HBoxContainer/VBoxContainer/VBoxContainer2/LinkButton" method="_on_New_Game_pressed"]
[connection signal="pressed" from="MarginContainer/HBoxContainer/VBoxContainer/VBoxContainer2/LinkButton2" to="MarginContainer/HBoxContainer/VBoxContainer/VBoxContainer2/LinkButton2" method="_on_LinkButton2_pressed"]
